<?xml version="1.0" encoding="UTF-8"?><collection xmlns="http://www.loc.gov/MARC21/slim"><record><leader>00438nam--2200157-i-4500</leader><controlfield tag="001">000045881</controlfield><controlfield tag="002">20161230</controlfield><controlfield tag="005">20161230201045</controlfield><controlfield tag="008">060222s1000------------r-----000-0-eng-d</controlfield><datafield ind1=" " ind2=" " tag="040"><subfield code="a">IFIN-HH</subfield></datafield><datafield ind1=" " ind2=" " tag="100"><subfield code="a">Varga Richard S</subfield></datafield><datafield ind1=" " ind2=" " tag="245"><subfield code="a">Matrix iterative analysis</subfield></datafield><datafield ind1=" " ind2=" " tag="260"><subfield code="a">ENGLEWOOD CLIFFS.N.J.,PRENTICE-HALL,INC.,1962. XIII+322 p</subfield></datafield><datafield ind1=" " ind2=" " tag="490"><subfield code="a">Prentice-hall Series In Aut.Comp</subfield></datafield><datafield ind1=" " ind2=" " tag="852"><subfield code="a">19790</subfield><subfield code="c">518.12</subfield></datafield><datafield ind1=" " ind2=" " tag="CAT"><subfield code="a">Sys</subfield><subfield code="c">20090701</subfield><subfield code="h">072049</subfield></datafield></record></collection>